<?xml version="1.0" encoding="UTF-8"?>
<record xmlns="http://www.loc.gov/MARC21/slim">
   <leader>01781cam a2200433 a 4500</leader>
   <controlfield tag="001">2369843</controlfield>
   <controlfield tag="008">000120s1998    abc     r    s000 0 eng d</controlfield>
   <datafield tag="020" ind1=" " ind2=" ">
      <subfield code="a">0773250387</subfield>
   </datafield>
   <datafield tag="035" ind1=" " ind2=" ">
      <subfield code="a">ocm43573951</subfield>
   </datafield>
   <datafield tag="040" ind1=" " ind2=" ">
      <subfield code="a">AEEN</subfield>
      <subfield code="b">eng</subfield>
   </datafield>
   <datafield tag="055" ind1=" " ind2="3">
      <subfield code="a">TD 890*</subfield>
   </datafield>
   <datafield tag="090" ind1=" " ind2=" ">
      <subfield code="a">Internet Access</subfield>
      <subfield code="b">AEEN</subfield>
   </datafield>
   <datafield tag="090" ind1=" " ind2=" ">
      <subfield code="a">TD 890 C63 1998</subfield>
      <subfield code="b">AEU</subfield>
   </datafield>
   <datafield tag="090" ind1=" " ind2=" ">
      <subfield code="a">TD 890 C762 1998</subfield>
      <subfield code="b">AEEN</subfield>
   </datafield>
   <datafield tag="240" ind1="0" ind2="0">
      <subfield code="a">Continuous emission monitoring system (CEMS) code.</subfield>
   </datafield>
   <datafield tag="245" ind1="0" ind2="0">
      <subfield code="a">Continuous emission monitoring system (CEMS) code 1998</subfield>
   </datafield>
   <datafield tag="260" ind1=" " ind2=" ">
      <subfield code="a">[Edmonton] :</subfield>
      <subfield code="b">Alberta Environmental Protection, Environmental Service,</subfield>
      <subfield code="c">1998.</subfield>
   </datafield>
   <datafield tag="300" ind1=" " ind2=" ">
      <subfield code="a">iii, 48 p. ;</subfield>
      <subfield code="c">28 cm.</subfield>
   </datafield>
   <datafield tag="336" ind1=" " ind2=" ">
      <subfield code="a">text</subfield>
      <subfield code="b">txt</subfield>
      <subfield code="2">rdacontent</subfield>
   </datafield>
   <datafield tag="337" ind1=" " ind2=" ">
      <subfield code="a">unmediated</subfield>
      <subfield code="b">n</subfield>
      <subfield code="2">rdamedia</subfield>
   </datafield>
   <datafield tag="338" ind1=" " ind2=" ">
      <subfield code="a">volume</subfield>
      <subfield code="b">nc</subfield>
      <subfield code="2">rdacarrier</subfield>
   </datafield>
   <datafield tag="490" ind1="1" ind2=" ">
      <subfield code="a">Pub. No. ;</subfield>
      <subfield code="v">Ref. 107</subfield>
   </datafield>
   <datafield tag="500" ind1=" " ind2=" ">
      <subfield code="a">"Ref:STA:CEMSCODE" -- t.p.</subfield>
   </datafield>
   <datafield tag="504" ind1=" " ind2=" ">
      <subfield code="a">Bibliography: p. 48.</subfield>
   </datafield>
   <datafield tag="530" ind1=" " ind2=" ">
      <subfield code="a">Also available on the World Wide Web.</subfield>
   </datafield>
   <datafield tag="538" ind1=" " ind2=" ">
      <subfield code="a">System requirements for online access: Adobe Acrobat.</subfield>
   </datafield>
   <datafield tag="590" ind1=" " ind2=" ">
      <subfield code="a">University of Alberta copy includes Implementation schedule for gas processing industry.</subfield>
      <subfield code="5">CaAEU</subfield>
   </datafield>
   <datafield tag="596" ind1=" " ind2=" ">
      <subfield code="a">1 2 15 48</subfield>
   </datafield>
   <datafield tag="650" ind1=" " ind2="0">
      <subfield code="a">Continuous emission monitoring.</subfield>
   </datafield>
   <datafield tag="650" ind1=" " ind2="0">
      <subfield code="a">Air</subfield>
      <subfield code="x">Pollution</subfield>
      <subfield code="x">Monitoring.</subfield>
   </datafield>
   <datafield tag="650" ind1=" " ind2="0">
      <subfield code="a">Air</subfield>
      <subfield code="x">Pollution</subfield>
      <subfield code="x">Measurement.</subfield>
   </datafield>
   <datafield tag="710" ind1="1" ind2=" ">
      <subfield code="a">Alberta.</subfield>
      <subfield code="b">Alberta Environmental Protection.</subfield>
      <subfield code="b">Environmental Service.</subfield>
   </datafield>
   <datafield tag="830" ind1=" " ind2="0">
      <subfield code="a">Publication (Alberta. Alberta Environmental Protection) ;</subfield>
      <subfield code="v">no. Ref. 107.</subfield>
   </datafield>
   <datafield tag="856" ind1="4" ind2="1">
      <subfield code="3">Free Access</subfield>
      <subfield code="u">http://environment.gov.ab.ca/info/library/6997.pdf</subfield>
   </datafield>
   <datafield tag="926" ind1=" " ind2=" ">
      <subfield code="a">AGINTERNET</subfield>
      <subfield code="b">INTERNET</subfield>
      <subfield code="c">Internet Access</subfield>
      <subfield code="d">E-RESOURCE</subfield>
      <subfield code="f">1</subfield>
   </datafield>
   <datafield tag="926" ind1=" " ind2=" ">
      <subfield code="a">AGL_CAP</subfield>
      <subfield code="b">ON_SHELF</subfield>
      <subfield code="c">TD 890 C762 1998</subfield>
      <subfield code="d">BOOK</subfield>
      <subfield code="f">1</subfield>
   </datafield>
   <datafield tag="926" ind1=" " ind2=" ">
      <subfield code="a">AGL_CAP</subfield>
      <subfield code="b">ARCHIVES</subfield>
      <subfield code="c">TD 890 C762 1998</subfield>
      <subfield code="d">NO_LOAN</subfield>
      <subfield code="f">2</subfield>
   </datafield>
   <datafield tag="926" ind1=" " ind2=" ">
      <subfield code="a">AITF_VEG</subfield>
      <subfield code="b">ON_SHELF</subfield>
      <subfield code="c">TD 890 C63 1998</subfield>
      <subfield code="d">BOOK</subfield>
      <subfield code="f">1</subfield>
   </datafield>
   <datafield tag="926" ind1=" " ind2=" ">
      <subfield code="a">UASCITECH</subfield>
      <subfield code="b">ON_SHELF</subfield>
      <subfield code="c">TD 890 C63 1998</subfield>
      <subfield code="d">BOOK</subfield>
      <subfield code="f">1</subfield>
   </datafield>
   <datafield tag="926" ind1=" " ind2=" ">
      <subfield code="a">UASCITECH</subfield>
      <subfield code="b">ON_SHELF</subfield>
      <subfield code="c">TD 890 C63 1998</subfield>
      <subfield code="d">BOOK</subfield>
      <subfield code="f">2</subfield>
   </datafield>
</record>
